<?xml version="1.0" encoding="UTF-8"?><collection xmlns="http://www.loc.gov/MARC21/slim"><record><leader>00371nam--2200145-i-4500</leader><controlfield tag="001">000049487</controlfield><controlfield tag="002">20161230</controlfield><controlfield tag="005">20170111221229</controlfield><controlfield tag="008">060222s1000------------r-----000-0-eng-d</controlfield><datafield ind1=" " ind2=" " tag="100"><subfield code="a">Alishin, K. P</subfield></datafield><datafield ind1=" " ind2=" " tag="245"><subfield code="a">Ustanivka dlia issledovaniia effekta messbuera</subfield></datafield><datafield ind1=" " ind2=" " tag="260"><subfield code="a">Moskva</subfield><subfield code="b">I.A.E.Kurchatova I.V</subfield><subfield code="c">1963</subfield></datafield><datafield ind1=" " ind2=" " tag="300"><subfield code="a">9s</subfield></datafield><datafield ind1=" " ind2=" " tag="852"><subfield code="a">9289</subfield></datafield><datafield ind1=" " ind2=" " tag="CAT"><subfield code="a">SYS</subfield><subfield code="c">20170111</subfield><subfield code="h">221229</subfield></datafield></record></collection>